%%%%%%%%%%%%%%%%%%%%%%%%%%%%%%%%%%
%%% EMC
@Misc{aulaSpirroEMC,
author =   {Schlichting, Luis Carlos Martinhago},
title =    {Notas de aula, disciplina CEM22109},
year = {2021}
}

@book{clayton2006,
 author = {Paul, Clayton R.},
 title = {Introduction to Electromagnetic Compatibility},
 year = {2006},
 publisher = {John Wiley \& Sons},
} 

@Misc{aulaSpirro,
author =   {Schlichting, Luis Carlos Martinhago},
title =    {Notas de aula, disciplina ELN22106},
year = {2021}
}

@Misc{tccIgor,
author = {IGOR GODINHO DEBASTIANI},
title = {ESTUDO DA VIABILIDADE DE UM ANALISADOR DE ESPECTRO DE BAIXO CUSTO PARA MEDIÇÃO DE CAMPO ELETROMAGNÉTICO},
school = {Instituto Federal de Educação, Ciência e Tecnologia de Santa Catarina},
year = {2021}
}

@Misc{slidesCalibracaoPaulo,
author = {Paulo Cabral},
title = {Erros e Incertezas nas Medições},
school = {Instituto Superior de Engenharia do Porto},
year = {2014}
}

@Misc{apostilaCalibracaoPaulo,
author = {Paulo Cabral},
title = {Erros e Incertezas nas Medições},
school = {Instituto Superior de Engenharia do Porto},
year = {2014}
}

@Misc{slidesCalibracaoLacen,
author = {Carlos Alexandre Brero de Campos},
title = {Processo de Medição e Calibração},
school = {Instituto de Pesos e Medidas do Estado do Paraná},
year = {2015}
}


@Misc{VIM,
author = {Inmetro},
title = {Vocabulário Internacional de Metrologia},
school = {Inmetro},
year = {2015}
}

@article{vidotto2022,
    title = {Software defined radio for vector network analysis: Configuration, characterization and calibration},
    journal = {Measurement},
    volume = {189},
    pages = {110468},
    year = {2022},
    issn = {0263-2241},
    doi = {https://doi.org/10.1016/j.measurement.2021.110468},
    url = {https://www.sciencedirect.com/science/article/pii/S0263224121013531},
    author = {Mauro I. Vidotto and Francisco E. Veiras and Patricio A. Sorichetti},
}
%%%%%%%%%%%%%%%%%%%%%%%%%%%%%%
%% Electronics

@book{sedra2004,
 author = {Sedra, Adel S. and Smith, Kenneth C.},
 title = {Microelectronic Circuits},
 year = {2017},
 publisher = {Oxford University Press},
} 

@book{malvino2016,
 author = {Malvino, Albert and Bates, David J.},
 title = {Microelectronic Circuits},
 year = {2016},
 publisher = { McGraw-Hill Education},
} 

@book{charles2016,
 author = {Lima, Charles Borges de},
 title = {Os poderosos ucontroladores AVR},
 year = {2016},
 publisher = {IFSC},
} 


%\bibitem[Jiménez, Palomera, Couvertier, 2014]{jimenez} Manuel Jiménez, Rogelio Palomera, Isidoro Couvertier. Introduction to Embedded Systems Using Microcontrollers and the MSP430. Springer, 2014.




%%%%%%%%%%%%%%%%%%%%%%%%%%%%%%%
%%% DSP
@book{proakis2012,
 author = {Ingle, Vinay K. and Proakis, John G.},
 title = {Digital Signal Processing Using MATLAB},
 year = {2012},
 publisher = {Cengage Learning},
}

@article{notch_realimentado,
  author={Pei, Soo-Chang and Guo, Bo-Yi and Lu, Wen-Yang},
  journal={IEEE Signal Processing Magazine}, 
  title={Narrowband Notch Filter Using Feedback Structure Tips  amp; Tricks}, 
  year={2016},
  volume={33},
  number={3},
  pages={115-118},
  doi={10.1109/MSP.2016.2531578}
}

@article{pachecoTTS,
  author={Pacheco, Fernado Santana},
  journal={Revista Ilha Digital}, 
  title={Artigo de Revisão: Sistemas de Síntese de Fala}, 
  year={2010},
  volume={2},
  pages={3-17}
}
@misc{edressonPaper,
      title={TTS-Portuguese Corpus: a corpus for speech synthesis in Brazilian Portuguese}, 
      author={Edresson Casanova and Arnaldo Candido Junior and Christopher Shulby and Frederico Santos de Oliveira and João Paulo Teixeira and Moacir Antonelli Ponti and Sandra Maria Aluisio},
      year={2021},
      eprint={2005.05144},
      archivePrefix={arXiv},
      primaryClass={eess.AS}
}

@misc{tacotronPaper,
      title={Natural TTS Synthesis by Conditioning WaveNet on Mel Spectrogram Predictions}, 
      author={Jonathan Shen and Ruoming Pang and Ron J. Weiss and Mike Schuster and Navdeep Jaitly and Zongheng Yang and Zhifeng Chen and Yu Zhang and Yuxuan Wang and RJ Skerry-Ryan and Rif A. Saurous and Yannis Agiomyrgiannakis and Yonghui Wu},
      year={2018},
      eprint={1712.05884},
      archivePrefix={arXiv},
      primaryClass={cs.CL}
}


